
@misc{ibo_aa-guide_2021,
	title = {Mathematics: analysis and approaches guide (first assessment 2021)},
	howpublished = {International Baccalaureate Organization},
	author = {International Baccalaureate Organization},
	year = {2021 [accessed 25 September 2021]},
	publisher = {International Baccalaureate Organization},
	note = {},
}

@misc{crannell_writing_1994,
	title = {Writing in {Mathematics}},
	publisher = {Franklin and Marshall College},
	url = {https://www.fandm.edu/uploads/files/107682389602454187-guide-to-writing.pdf},
	howpublished = {Franklin and Marshall College},
	author = {Crannell, Annalisa},
	year = {(1994)},
	note = {\url{https://www.fandm.edu/uploads/files/107682389602454187-guide-to-writing.pdf}, [accessed September 25, 2021]},
}
