@book{mid_comp,
	title = "Competition Math For Middle School",
	author = "Jason Batterson",
	year = 2009,
	publisher = "Art of Problem Solving",
	isbn = "978-1-441488-87-9"
}
@article{nice1_comb,
	title = "Combinatorial Arguments",
	author = "{NICE Committee}",
	journal = "NICE Journal",
	year = 2021,
	pages = "18--36",
	url = "https://www.nicecontest.xyz/static/media/NJ1.655ca2cf.pdf"
}
@online{mw_simtri,
	title = "Similar Triangles",
	author = "Eric W. Weisstein",
	url = "https://mathworld.wolfram.com/SimilarTriangles.html"
}
@online{mw_cirtan,
	title = "Circle Tangent Line",
	author = "Eric W. Weisstein",
	url = "https://mathworld.wolfram.com/CircleTangentLine.html"
}
@online{mw_amgm,
	title = "Arithmetic-Geometric Mean",
	author = "Eric W. Weisstein",
	url = "https://mathworld.wolfram.com/Arithmetic-GeometricMean.html"
}


